<record><leader>00000cas a22000007a 4500</leader><controlfield tag="001">11746345</controlfield><controlfield tag="008">850228d18781880wiudn ne      0    0eng d</controlfield><datafield ind1=" " ind2=" " tag="010"><subfield code="a">sn 85040269 </subfield></datafield><datafield ind1=" " ind2=" " tag="040"><subfield code="a">NPV</subfield><subfield code="b">eng</subfield><subfield code="c">NPV</subfield><subfield code="d">OCLCQ</subfield></datafield><datafield ind1=" " ind2=" " tag="042"><subfield code="a">msc</subfield></datafield><datafield ind1=" " ind2=" " tag="043"><subfield code="a">n-us-wi</subfield></datafield><datafield ind1=" " ind2=" " tag="045"><subfield code="a">w7w8</subfield></datafield><datafield ind1=" " ind2=" " tag="052"><subfield code="a">4123</subfield><subfield code="b">L2</subfield></datafield><datafield ind1="0" ind2=" " tag="130"><subfield code="a">Chronicle (La Crosse, Wis. : 1878 : Daily)</subfield></datafield><datafield ind1="1" ind2="4" tag="245"><subfield code="a">The chronicle.</subfield></datafield><datafield ind1=" " ind2=" " tag="260"><subfield code="a">La Crosse, Wis. :</subfield><subfield code="b">[E.B. Usher, R.F. Howard],</subfield><subfield code="c">1878-1880.</subfield></datafield><datafield ind1=" " ind2=" " tag="300"><subfield code="a">3 v. :</subfield><subfield code="b">ill.</subfield></datafield><datafield ind1=" " ind2=" " tag="310"><subfield code="a">Daily (except Mon.)</subfield></datafield><datafield ind1="0" ind2=" " tag="362"><subfield code="a">Vol. 1, no. 1 (Aug. 1, 1878)-v. 3, no. 104 (Oct. 31, 1880).</subfield></datafield><datafield ind1=" " ind2=" " tag="500"><subfield code="a">Publisher changes: E.B. Usher, Nov. 2, 1879-1880.</subfield></datafield><datafield ind1=" " ind2=" " tag="530"><subfield code="a">Available on microfilm from The State Historical Society of Wisconsin.</subfield></datafield><datafield ind1=" " ind2=" " tag="580"><subfield code="a">Also published in weekly ed.: The Chronicle.</subfield></datafield><datafield ind1=" " ind2=" " tag="752"><subfield code="a">United States</subfield><subfield code="b">Wisconsin</subfield><subfield code="c">La Crosse</subfield><subfield code="d">La Crosse.</subfield></datafield><datafield ind1="1" ind2=" " tag="775"><subfield code="t">Chronicle (La Crosse, Wis. : 1878 : Weekly)</subfield><subfield code="w">(DLC)sn 85040273</subfield></datafield><datafield ind1="0" ind2="0" tag="780"><subfield code="t">Morning liberal Democrat</subfield><subfield code="w">(DLC)sn 85040041</subfield></datafield><datafield ind1="0" ind2="0" tag="785"><subfield code="t">Morning chronicle (La Crosse, Wis.)</subfield><subfield code="w">(DLC)sn 85040270</subfield></datafield></record>